<?xml version="1.0" encoding="UTF-8"?><collection xmlns="http://www.loc.gov/MARC21/slim"><record><leader>00355nam--2200133-i-4500</leader><controlfield tag="001">000021990</controlfield><controlfield tag="002">20161230</controlfield><controlfield tag="005">20161230201034</controlfield><controlfield tag="008">060222s1000------------r-----000-0-eng-d</controlfield><datafield ind1=" " ind2=" " tag="080"><subfield code="a">661.183.12</subfield></datafield><datafield ind1=" " ind2=" " tag="100"><subfield code="a">Ionescu, Tudor D</subfield></datafield><datafield ind1=" " ind2=" " tag="245"><subfield code="a">Schimbatori de ioni.tipuri.schimbul ionic si aplicatii</subfield></datafield><datafield ind1=" " ind2=" " tag="260"><subfield code="a">Bucuresti,Editura Tehnica, 1961. 292p</subfield></datafield><datafield ind1=" " ind2=" " tag="852"><subfield code="a">3070</subfield></datafield></record></collection>